%YAML 1.1
%TAG !u! tag:unity3d.com,2011:
--- !u!1 &996465926434694288
GameObject:
  m_ObjectHideFlags: 0
  m_CorrespondingSourceObject: {fileID: 0}
  m_PrefabInstance: {fileID: 0}
  m_PrefabAsset: {fileID: 0}
  serializedVersion: 6
  m_Component:
  - component: {fileID: 996465926434694287}
  - component: {fileID: 996465926434694285}
  - component: {fileID: 996465926434694286}
  m_Layer: 0
  m_Name: SwordTest
  m_TagString: Untagged
  m_Icon: {fileID: 0}
  m_NavMeshLayer: 0
  m_StaticEditorFlags: 0
  m_IsActive: 0
--- !u!4 &996465926434694287
Transform:
  m_ObjectHideFlags: 0
  m_CorrespondingSourceObject: {fileID: 0}
  m_PrefabInstance: {fileID: 0}
  m_PrefabAsset: {fileID: 0}
  m_GameObject: {fileID: 996465926434694288}
  m_LocalRotation: {x: 0, y: 0, z: 0, w: 1}
  m_LocalPosition: {x: -0, y: 0, z: 0}
  m_LocalScale: {x: 1, y: 1, z: 1}
  m_Children: []
  m_Father: {fileID: 996465928034800174}
  m_RootOrder: 2
  m_LocalEulerAnglesHint: {x: 0, y: 0, z: 0}
--- !u!212 &996465926434694285
SpriteRenderer:
  m_ObjectHideFlags: 0
  m_CorrespondingSourceObject: {fileID: 0}
  m_PrefabInstance: {fileID: 0}
  m_PrefabAsset: {fileID: 0}
  m_GameObject: {fileID: 996465926434694288}
  m_Enabled: 1
  m_CastShadows: 0
  m_ReceiveShadows: 0
  m_DynamicOccludee: 1
  m_MotionVectors: 1
  m_LightProbeUsage: 1
  m_ReflectionProbeUsage: 1
  m_RenderingLayerMask: 1
  m_RendererPriority: 0
  m_Materials:
  - {fileID: 10754, guid: 0000000000000000f000000000000000, type: 0}
  m_StaticBatchInfo:
    firstSubMesh: 0
    subMeshCount: 0
  m_StaticBatchRoot: {fileID: 0}
  m_ProbeAnchor: {fileID: 0}
  m_LightProbeVolumeOverride: {fileID: 0}
  m_ScaleInLightmap: 1
  m_PreserveUVs: 0
  m_IgnoreNormalsForChartDetection: 0
  m_ImportantGI: 0
  m_StitchLightmapSeams: 0
  m_SelectedEditorRenderState: 0
  m_MinimumChartSize: 4
  m_AutoUVMaxDistance: 0.5
  m_AutoUVMaxAngle: 89
  m_LightmapParameters: {fileID: 0}
  m_SortingLayerID: 0
  m_SortingLayer: 0
  m_SortingOrder: 0
  m_Sprite: {fileID: 21300000, guid: 5e6d6b5bc2d0e8847b9e82f39b2892f8, type: 3}
  m_Color: {r: 1, g: 0, b: 0.11924267, a: 1}
  m_FlipX: 0
  m_FlipY: 0
  m_DrawMode: 0
  m_Size: {x: 1, y: 1}
  m_AdaptiveModeThreshold: 0.5
  m_SpriteTileMode: 0
  m_WasSpriteAssigned: 1
  m_MaskInteraction: 0
  m_SpriteSortPoint: 0
--- !u!114 &996465926434694286
MonoBehaviour:
  m_ObjectHideFlags: 0
  m_CorrespondingSourceObject: {fileID: 0}
  m_PrefabInstance: {fileID: 0}
  m_PrefabAsset: {fileID: 0}
  m_GameObject: {fileID: 996465926434694288}
  m_Enabled: 1
  m_EditorHideFlags: 0
  m_Script: {fileID: 11500000, guid: 983e7abaa8e57e8449358f4976c70172, type: 3}
  m_Name: 
  m_EditorClassIdentifier: 
  bullet: {fileID: 4586234457569722490, guid: b325bce9f50cf3d47bc4c02983c67737, type: 3}
  dir: 0
--- !u!1 &996465927023731736
GameObject:
  m_ObjectHideFlags: 0
  m_CorrespondingSourceObject: {fileID: 0}
  m_PrefabInstance: {fileID: 0}
  m_PrefabAsset: {fileID: 0}
  serializedVersion: 6
  m_Component:
  - component: {fileID: 996465927023731735}
  - component: {fileID: 996465927023731734}
  - component: {fileID: 996465927023731733}
  m_Layer: 0
  m_Name: Guntest
  m_TagString: Untagged
  m_Icon: {fileID: 0}
  m_NavMeshLayer: 0
  m_StaticEditorFlags: 0
  m_IsActive: 0
--- !u!4 &996465927023731735
Transform:
  m_ObjectHideFlags: 0
  m_CorrespondingSourceObject: {fileID: 0}
  m_PrefabInstance: {fileID: 0}
  m_PrefabAsset: {fileID: 0}
  m_GameObject: {fileID: 996465927023731736}
  m_LocalRotation: {x: 0, y: 0, z: 0, w: 1}
  m_LocalPosition: {x: 1.122, y: 0, z: 0}
  m_LocalScale: {x: 1, y: 1, z: 1}
  m_Children: []
  m_Father: {fileID: 996465928034800174}
  m_RootOrder: 0
  m_LocalEulerAnglesHint: {x: 0, y: 0, z: 0}
--- !u!212 &996465927023731734
SpriteRenderer:
  m_ObjectHideFlags: 0
  m_CorrespondingSourceObject: {fileID: 0}
  m_PrefabInstance: {fileID: 0}
  m_PrefabAsset: {fileID: 0}
  m_GameObject: {fileID: 996465927023731736}
  m_Enabled: 1
  m_CastShadows: 0
  m_ReceiveShadows: 0
  m_DynamicOccludee: 1
  m_MotionVectors: 1
  m_LightProbeUsage: 1
  m_ReflectionProbeUsage: 1
  m_RenderingLayerMask: 1
  m_RendererPriority: 0
  m_Materials:
  - {fileID: 10754, guid: 0000000000000000f000000000000000, type: 0}
  m_StaticBatchInfo:
    firstSubMesh: 0
    subMeshCount: 0
  m_StaticBatchRoot: {fileID: 0}
  m_ProbeAnchor: {fileID: 0}
  m_LightProbeVolumeOverride: {fileID: 0}
  m_ScaleInLightmap: 1
  m_PreserveUVs: 0
  m_IgnoreNormalsForChartDetection: 0
  m_ImportantGI: 0
  m_StitchLightmapSeams: 0
  m_SelectedEditorRenderState: 0
  m_MinimumChartSize: 4
  m_AutoUVMaxDistance: 0.5
  m_AutoUVMaxAngle: 89
  m_LightmapParameters: {fileID: 0}
  m_SortingLayerID: 0
  m_SortingLayer: 0
  m_SortingOrder: 0
  m_Sprite: {fileID: 21300000, guid: 5e6d6b5bc2d0e8847b9e82f39b2892f8, type: 3}
  m_Color: {r: 0, g: 0.094382286, b: 1, a: 1}
  m_FlipX: 0
  m_FlipY: 0
  m_DrawMode: 0
  m_Size: {x: 1, y: 1}
  m_AdaptiveModeThreshold: 0.5
  m_SpriteTileMode: 0
  m_WasSpriteAssigned: 1
  m_MaskInteraction: 0
  m_SpriteSortPoint: 0
--- !u!114 &996465927023731733
MonoBehaviour:
  m_ObjectHideFlags: 0
  m_CorrespondingSourceObject: {fileID: 0}
  m_PrefabInstance: {fileID: 0}
  m_PrefabAsset: {fileID: 0}
  m_GameObject: {fileID: 996465927023731736}
  m_Enabled: 1
  m_EditorHideFlags: 0
  m_Script: {fileID: 11500000, guid: c3a9ccec584d7c44db2b77edaac83f46, type: 3}
  m_Name: 
  m_EditorClassIdentifier: 
  bullet: {fileID: 4586234457569722490, guid: ed380931e569d1b41add5ae502860b09, type: 3}
  dir: 0
--- !u!1 &996465927102599721
GameObject:
  m_ObjectHideFlags: 0
  m_CorrespondingSourceObject: {fileID: 0}
  m_PrefabInstance: {fileID: 0}
  m_PrefabAsset: {fileID: 0}
  serializedVersion: 6
  m_Component:
  - component: {fileID: 996465927102599720}
  - component: {fileID: 996465927102599718}
  - component: {fileID: 996465927102599719}
  m_Layer: 0
  m_Name: MagicTest
  m_TagString: Untagged
  m_Icon: {fileID: 0}
  m_NavMeshLayer: 0
  m_StaticEditorFlags: 0
  m_IsActive: 1
--- !u!4 &996465927102599720
Transform:
  m_ObjectHideFlags: 0
  m_CorrespondingSourceObject: {fileID: 0}
  m_PrefabInstance: {fileID: 0}
  m_PrefabAsset: {fileID: 0}
  m_GameObject: {fileID: 996465927102599721}
  m_LocalRotation: {x: 0, y: 0, z: 0, w: 1}
  m_LocalPosition: {x: 0, y: 0, z: 0}
  m_LocalScale: {x: 1, y: 1, z: 1}
  m_Children: []
  m_Father: {fileID: 996465928034800174}
  m_RootOrder: 1
  m_LocalEulerAnglesHint: {x: 0, y: 0, z: 0}
--- !u!212 &996465927102599718
SpriteRenderer:
  m_ObjectHideFlags: 0
  m_CorrespondingSourceObject: {fileID: 0}
  m_PrefabInstance: {fileID: 0}
  m_PrefabAsset: {fileID: 0}
  m_GameObject: {fileID: 996465927102599721}
  m_Enabled: 1
  m_CastShadows: 0
  m_ReceiveShadows: 0
  m_DynamicOccludee: 1
  m_MotionVectors: 1
  m_LightProbeUsage: 1
  m_ReflectionProbeUsage: 1
  m_RenderingLayerMask: 1
  m_RendererPriority: 0
  m_Materials:
  - {fileID: 10754, guid: 0000000000000000f000000000000000, type: 0}
  m_StaticBatchInfo:
    firstSubMesh: 0
    subMeshCount: 0
  m_StaticBatchRoot: {fileID: 0}
  m_ProbeAnchor: {fileID: 0}
  m_LightProbeVolumeOverride: {fileID: 0}
  m_ScaleInLightmap: 1
  m_PreserveUVs: 0
  m_IgnoreNormalsForChartDetection: 0
  m_ImportantGI: 0
  m_StitchLightmapSeams: 0
  m_SelectedEditorRenderState: 0
  m_MinimumChartSize: 4
  m_AutoUVMaxDistance: 0.5
  m_AutoUVMaxAngle: 89
  m_LightmapParameters: {fileID: 0}
  m_SortingLayerID: 0
  m_SortingLayer: 0
  m_SortingOrder: 0
  m_Sprite: {fileID: 21300000, guid: 5e6d6b5bc2d0e8847b9e82f39b2892f8, type: 3}
  m_Color: {r: 0.92265, g: 1, b: 0, a: 1}
  m_FlipX: 0
  m_FlipY: 0
  m_DrawMode: 0
  m_Size: {x: 1, y: 1}
  m_AdaptiveModeThreshold: 0.5
  m_SpriteTileMode: 0
  m_WasSpriteAssigned: 1
  m_MaskInteraction: 0
  m_SpriteSortPoint: 0
--- !u!114 &996465927102599719
MonoBehaviour:
  m_ObjectHideFlags: 0
  m_CorrespondingSourceObject: {fileID: 0}
  m_PrefabInstance: {fileID: 0}
  m_PrefabAsset: {fileID: 0}
  m_GameObject: {fileID: 996465927102599721}
  m_Enabled: 1
  m_EditorHideFlags: 0
  m_Script: {fileID: 11500000, guid: f647da22ee4205141b4498f6681e63e7, type: 3}
  m_Name: 
  m_EditorClassIdentifier: 
  bullet: {fileID: 4586234457569722490, guid: 514122f06737d8549a243e9b49e2a449, type: 3}
  dir: 1
--- !u!1 &996465928034800178
GameObject:
  m_ObjectHideFlags: 0
  m_CorrespondingSourceObject: {fileID: 0}
  m_PrefabInstance: {fileID: 0}
  m_PrefabAsset: {fileID: 0}
  serializedVersion: 6
  m_Component:
  - component: {fileID: 996465928034800174}
  - component: {fileID: 996465928034800175}
  - component: {fileID: 996465928034800176}
  - component: {fileID: 996465928034800177}
  - component: {fileID: 996465928034800172}
  - component: {fileID: 996465928034800171}
  m_Layer: 0
  m_Name: Player
  m_TagString: Untagged
  m_Icon: {fileID: 0}
  m_NavMeshLayer: 0
  m_StaticEditorFlags: 0
  m_IsActive: 1
--- !u!4 &996465928034800174
Transform:
  m_ObjectHideFlags: 0
  m_CorrespondingSourceObject: {fileID: 0}
  m_PrefabInstance: {fileID: 0}
  m_PrefabAsset: {fileID: 0}
  m_GameObject: {fileID: 996465928034800178}
  m_LocalRotation: {x: 0, y: 0, z: 0, w: 1}
  m_LocalPosition: {x: -0.10269627, y: -0.7780099, z: 0}
  m_LocalScale: {x: 1, y: 1, z: 1}
  m_Children:
  - {fileID: 996465927023731735}
  - {fileID: 996465927102599720}
  - {fileID: 996465926434694287}
  - {fileID: 996465928244273056}
  - {fileID: 996465928407833894}
  m_Father: {fileID: 0}
  m_RootOrder: 0
  m_LocalEulerAnglesHint: {x: 0, y: 0, z: 0}
--- !u!212 &996465928034800175
SpriteRenderer:
  m_ObjectHideFlags: 0
  m_CorrespondingSourceObject: {fileID: 0}
  m_PrefabInstance: {fileID: 0}
  m_PrefabAsset: {fileID: 0}
  m_GameObject: {fileID: 996465928034800178}
  m_Enabled: 1
  m_CastShadows: 0
  m_ReceiveShadows: 0
  m_DynamicOccludee: 1
  m_MotionVectors: 1
  m_LightProbeUsage: 1
  m_ReflectionProbeUsage: 1
  m_RenderingLayerMask: 1
  m_RendererPriority: 0
  m_Materials:
  - {fileID: 10754, guid: 0000000000000000f000000000000000, type: 0}
  m_StaticBatchInfo:
    firstSubMesh: 0
    subMeshCount: 0
  m_StaticBatchRoot: {fileID: 0}
  m_ProbeAnchor: {fileID: 0}
  m_LightProbeVolumeOverride: {fileID: 0}
  m_ScaleInLightmap: 1
  m_PreserveUVs: 0
  m_IgnoreNormalsForChartDetection: 0
  m_ImportantGI: 0
  m_StitchLightmapSeams: 0
  m_SelectedEditorRenderState: 0
  m_MinimumChartSize: 4
  m_AutoUVMaxDistance: 0.5
  m_AutoUVMaxAngle: 89
  m_LightmapParameters: {fileID: 0}
  m_SortingLayerID: 0
  m_SortingLayer: 0
  m_SortingOrder: 0
  m_Sprite: {fileID: 21300000, guid: 0716f241c4cda264ab38ed10d6aa9f42, type: 3}
  m_Color: {r: 1, g: 1, b: 1, a: 1}
  m_FlipX: 0
  m_FlipY: 0
  m_DrawMode: 0
  m_Size: {x: 1.745, y: 2.434}
  m_AdaptiveModeThreshold: 0.5
  m_SpriteTileMode: 0
  m_WasSpriteAssigned: 1
  m_MaskInteraction: 0
  m_SpriteSortPoint: 0
--- !u!50 &996465928034800176
Rigidbody2D:
  serializedVersion: 4
  m_ObjectHideFlags: 0
  m_CorrespondingSourceObject: {fileID: 0}
  m_PrefabInstance: {fileID: 0}
  m_PrefabAsset: {fileID: 0}
  m_GameObject: {fileID: 996465928034800178}
  m_BodyType: 0
  m_Simulated: 1
  m_UseFullKinematicContacts: 0
  m_UseAutoMass: 0
  m_Mass: 1
  m_LinearDrag: 0
  m_AngularDrag: 0.05
  m_GravityScale: 5
  m_Material: {fileID: 0}
  m_Interpolate: 0
  m_SleepingMode: 1
  m_CollisionDetection: 0
  m_Constraints: 4
--- !u!70 &996465928034800177
CapsuleCollider2D:
  m_ObjectHideFlags: 0
  m_CorrespondingSourceObject: {fileID: 0}
  m_PrefabInstance: {fileID: 0}
  m_PrefabAsset: {fileID: 0}
  m_GameObject: {fileID: 996465928034800178}
  m_Enabled: 1
  m_Density: 1
  m_Material: {fileID: 0}
  m_IsTrigger: 0
  m_UsedByEffector: 0
  m_UsedByComposite: 0
  m_Offset: {x: 0, y: 0}
  m_Size: {x: 1.4, y: 2.434}
  m_Direction: 0
--- !u!114 &996465928034800172
MonoBehaviour:
  m_ObjectHideFlags: 0
  m_CorrespondingSourceObject: {fileID: 0}
  m_PrefabInstance: {fileID: 0}
  m_PrefabAsset: {fileID: 0}
  m_GameObject: {fileID: 996465928034800178}
  m_Enabled: 1
  m_EditorHideFlags: 0
  m_Script: {fileID: 11500000, guid: f7de4e26a534399499b387155189e9e7, type: 3}
  m_Name: 
  m_EditorClassIdentifier: 
  runSpeed: 10
  jumpPower: 20
  playerLife: 50
  playerDirection: 1
  invincible: 0
--- !u!61 &996465928034800171
BoxCollider2D:
  m_ObjectHideFlags: 0
  m_CorrespondingSourceObject: {fileID: 0}
  m_PrefabInstance: {fileID: 0}
  m_PrefabAsset: {fileID: 0}
  m_GameObject: {fileID: 996465928034800178}
  m_Enabled: 1
  m_Density: 1
  m_Material: {fileID: 0}
  m_IsTrigger: 1
  m_UsedByEffector: 0
  m_UsedByComposite: 0
  m_Offset: {x: 0, y: -1.5}
  m_SpriteTilingProperty:
    border: {x: 0, y: 0, z: 0, w: 0}
    pivot: {x: 0.5, y: 0.5}
    oldSize: {x: 1.745, y: 2.434}
    newSize: {x: 1.745, y: 2.434}
    adaptiveTilingThreshold: 0.5
    drawMode: 0
    adaptiveTiling: 0
  m_AutoTiling: 0
  serializedVersion: 2
  m_Size: {x: 0.5, y: 0.5}
  m_EdgeRadius: 0
--- !u!1 &996465928244273057
GameObject:
  m_ObjectHideFlags: 0
  m_CorrespondingSourceObject: {fileID: 0}
  m_PrefabInstance: {fileID: 0}
  m_PrefabAsset: {fileID: 0}
  serializedVersion: 6
  m_Component:
  - component: {fileID: 996465928244273056}
  - component: {fileID: 996465928244272734}
  m_Layer: 0
  m_Name: ShieldTest
  m_TagString: PLShield
  m_Icon: {fileID: 0}
  m_NavMeshLayer: 0
  m_StaticEditorFlags: 0
  m_IsActive: 1
--- !u!4 &996465928244273056
Transform:
  m_ObjectHideFlags: 0
  m_CorrespondingSourceObject: {fileID: 0}
  m_PrefabInstance: {fileID: 0}
  m_PrefabAsset: {fileID: 0}
  m_GameObject: {fileID: 996465928244273057}
  m_LocalRotation: {x: 0, y: 0, z: 0, w: 1}
  m_LocalPosition: {x: 0.886, y: 0, z: 0}
  m_LocalScale: {x: 1, y: 1, z: 1}
  m_Children: []
  m_Father: {fileID: 996465928034800174}
  m_RootOrder: 3
  m_LocalEulerAnglesHint: {x: 0, y: 0, z: 0}
--- !u!212 &996465928244272734
SpriteRenderer:
  m_ObjectHideFlags: 0
  m_CorrespondingSourceObject: {fileID: 0}
  m_PrefabInstance: {fileID: 0}
  m_PrefabAsset: {fileID: 0}
  m_GameObject: {fileID: 996465928244273057}
  m_Enabled: 1
  m_CastShadows: 0
  m_ReceiveShadows: 0
  m_DynamicOccludee: 1
  m_MotionVectors: 1
  m_LightProbeUsage: 1
  m_ReflectionProbeUsage: 1
  m_RenderingLayerMask: 1
  m_RendererPriority: 0
  m_Materials:
  - {fileID: 10754, guid: 0000000000000000f000000000000000, type: 0}
  m_StaticBatchInfo:
    firstSubMesh: 0
    subMeshCount: 0
  m_StaticBatchRoot: {fileID: 0}
  m_ProbeAnchor: {fileID: 0}
  m_LightProbeVolumeOverride: {fileID: 0}
  m_ScaleInLightmap: 1
  m_PreserveUVs: 0
  m_IgnoreNormalsForChartDetection: 0
  m_ImportantGI: 0
  m_StitchLightmapSeams: 0
  m_SelectedEditorRenderState: 0
  m_MinimumChartSize: 4
  m_AutoUVMaxDistance: 0.5
  m_AutoUVMaxAngle: 89
  m_LightmapParameters: {fileID: 0}
  m_SortingLayerID: 0
  m_SortingLayer: 0
  m_SortingOrder: 0
  m_Sprite: {fileID: 21300000, guid: 5e6d6b5bc2d0e8847b9e82f39b2892f8, type: 3}
  m_Color: {r: 0.035363436, g: 1, b: 0, a: 1}
  m_FlipX: 0
  m_FlipY: 0
  m_DrawMode: 0
  m_Size: {x: 1, y: 1}
  m_AdaptiveModeThreshold: 0.5
  m_SpriteTileMode: 0
  m_WasSpriteAssigned: 1
  m_MaskInteraction: 0
  m_SpriteSortPoint: 0
--- !u!1 &996465928407833895
GameObject:
  m_ObjectHideFlags: 0
  m_CorrespondingSourceObject: {fileID: 0}
  m_PrefabInstance: {fileID: 0}
  m_PrefabAsset: {fileID: 0}
  serializedVersion: 6
  m_Component:
  - component: {fileID: 996465928407833894}
  - component: {fileID: 996465928407833892}
  - component: {fileID: 996465928407833893}
  m_Layer: 0
  m_Name: HitBox
  m_TagString: Untagged
  m_Icon: {fileID: 0}
  m_NavMeshLayer: 0
  m_StaticEditorFlags: 0
  m_IsActive: 1
--- !u!4 &996465928407833894
Transform:
  m_ObjectHideFlags: 0
  m_CorrespondingSourceObject: {fileID: 0}
  m_PrefabInstance: {fileID: 0}
  m_PrefabAsset: {fileID: 0}
  m_GameObject: {fileID: 996465928407833895}
  m_LocalRotation: {x: 0, y: 0, z: 0, w: 1}
  m_LocalPosition: {x: 0, y: 0, z: 0}
  m_LocalScale: {x: 1, y: 1, z: 1}
  m_Children: []
  m_Father: {fileID: 996465928034800174}
  m_RootOrder: 4
  m_LocalEulerAnglesHint: {x: 0, y: 0, z: 0}
--- !u!114 &996465928407833892
MonoBehaviour:
  m_ObjectHideFlags: 0
  m_CorrespondingSourceObject: {fileID: 0}
  m_PrefabInstance: {fileID: 0}
  m_PrefabAsset: {fileID: 0}
  m_GameObject: {fileID: 996465928407833895}
  m_Enabled: 1
  m_EditorHideFlags: 0
  m_Script: {fileID: 11500000, guid: 658515f3665b539489fd0dbcc0c94d91, type: 3}
  m_Name: 
  m_EditorClassIdentifier: 
  Damage: 0
--- !u!61 &996465928407833893
BoxCollider2D:
  m_ObjectHideFlags: 0
  m_CorrespondingSourceObject: {fileID: 0}
  m_PrefabInstance: {fileID: 0}
  m_PrefabAsset: {fileID: 0}
  m_GameObject: {fileID: 996465928407833895}
  m_Enabled: 1
  m_Density: 1
  m_Material: {fileID: 0}
  m_IsTrigger: 1
  m_UsedByEffector: 0
  m_UsedByComposite: 0
  m_Offset: {x: 0, y: 0}
  m_SpriteTilingProperty:
    border: {x: 0, y: 0, z: 0, w: 0}
    pivot: {x: 0, y: 0}
    oldSize: {x: 0, y: 0}
    newSize: {x: 0, y: 0}
    adaptiveTilingThreshold: 0
    drawMode: 0
    adaptiveTiling: 0
  m_AutoTiling: 0
  serializedVersion: 2
  m_Size: {x: 1.5, y: 2.4}
  m_EdgeRadius: 0
